@inproceedings{PJAGIF10,
    author = {P\'{e}rez-Ag\"{u}era, Jos\'{e} R. and Arroyo, Javier and Greenberg, Jane and Iglesias, Joaquin Perez and Fresno, Victor},
    title = {Using BM25F for Semantic Search},
    year = {2010},
    isbn = {9781450301305},
    publisher = {Association for Computing Machinery},
    address = {New York, NY, USA},
    url = {https://doi.org/10.1145/1863879.1863881},
    doi = {10.1145/1863879.1863881},
    articleno = {2},
    numpages = {8},
    keywords = {BM25F, information retrieval, semantic search},
    location = {Raleigh, North Carolina, USA},
    series = {SEMSEARCH '10}
}

@misc{Rost2022,
  title={Investigating Search Algorithms for Shorter Documents: A study on how to search for titles},
  author={Rostami, Lara},
  year={2022}
}

@INPROCEEDINGS{JLW18,
    author={Jiang, Mingyi and Liu, Rui and Wang, Fei},
    booktitle={2018 IEEE Fourth International Conference on Big Data Computing Service and Applications (BigDataService)}, 
    title={Word Network Topic Model Based on Word2Vector}, 
    year={2018},
    volume={},
    number={},
    pages={241-247},
    doi={10.1109/BigDataService.2018.00043}
}


@article{MCCD13,
    title	= {Efficient Estimation of Word Representations in Vector Space},
    author	= {Tomas Mikolov and Kai Chen and Greg S. Corrado and Jeffrey Dean},
    year	= {2013},
    URL	= {http://arxiv.org/abs/1301.3781}
}


@inproceedings{MWZ13,
    title = "Linguistic Regularities in Continuous Space Word Representations",
    author = "Mikolov, Tomas  and
      Yih, Wen-tau  and
      Zweig, Geoffrey",
    booktitle = "Proceedings of the 2013 Conference of the North {A}merican Chapter of the Association for Computational Linguistics: Human Language Technologies",
    month = jun,
    year = "2013",
    address = "Atlanta, Georgia",
    publisher = "Association for Computational Linguistics",
    url = "https://aclanthology.org/N13-1090",
    pages = "746--751",
}

@INPROCEEDINGS{MZ20,
  author={Moghadasi, Mahdi Naser and Zhuang, Yu},
  booktitle={2020 IEEE International Conference on Big Data (Big Data)}, 
  title={Sent2Vec: A New Sentence Embedding Representation With Sentimental Semantic}, 
  year={2020},
  volume={},
  number={},
  pages={4672-4680},
  doi={10.1109/BigData50022.2020.9378337}
  }

@misc{LM14,
  title={Distributed Representations of Sentences and Documents}, 
  author={Quoc V. Le and Tomas Mikolov},
  year={2014},
  eprint={1405.4053},
  archivePrefix={arXiv},
  primaryClass={cs.CL}
}

@misc{DCLT19,
      title={BERT: Pre-training of Deep Bidirectional Transformers for Language Understanding}, 
      author={Jacob Devlin and Ming-Wei Chang and Kenton Lee and Kristina Toutanova},
      year={2019},
      eprint={1810.04805},
      archivePrefix={arXiv},
      primaryClass={cs.CL}
}